@online{BCWhyLossless,
  author = {Bandcamp},
  title = {How and why should I upload lossless files?},
  url = {https://get.bandcamp.help/hc/en-us/articles/360007802254-How-and-why-should-I-upload-lossless-files-},
  urldate = {2019-08-23}
}
@online{Beurden2015,
  author = {Martjin van Beurden},
  title = {Lossless Audio Codec Comparison},
  year = 2015,
  url = {http://www.audiograaf.nl/losslesstest/Lossless%20audio%20codec%20comparison%20-%20revision%204.pdf},
  urldate = {2019-08-23}
}
@online{kamedo22014,
  author = {kamedo2},
  title = {Results of the public multiformat listening test},
  year = 2014,
  url = {https://listening-test.coresv.net/results.htm},
  urldate = {2019-08-23}
}
@book{Sayood2002,
  title={Lossless Compression Handbook},
  author={Sayood, K.},
  isbn={9780080510491},
  lccn={2002104270},
  series={Communications, Networking and Multimedia},
  url={https://books.google.pl/books?id=LjQiGwyabVwC},
  year={2002},
  publisher={Elsevier Science}
}
@conference{Brandenburg1999,
    title = {MP3 and AAC Explained},
    author = {Brandenburg, Karlheinz},
    booktitle = {Audio Engineering Society Conference: 17th International Conference: High-Quality Audio Coding},
    month = {Sep},
    year = {1999},
    url = {http://www.aes.org/e-lib/browse.cfm?elib=8079}
}
@inproceedings{ZhouWangJinYan2015,
    author = {Zhou, Jinglei and Wang, Rangding and Jin, Chao and Yan, Diqun},
    year = {2015},
    month = {05},
    pages = {525-534},
    title = {Detecting Fake-Quality WAV Audio Based on Phase Differences},
    isbn = {978-3-319-19320-5},
    doi = {10.1007/978-3-319-19321-2_40}
}
@inproceedings{YangShiHuang2010,
    author = {Rui Yang and Yun Q. Shi and Jiwu Huang},
    title = {Detecting double compression of audio signal},
    volume = {7541},
    year = {2010},
    doi = {10.1117/12.838695},
    url = {https://doi.org/10.1117/12.838695}
}
@book{Sienkiewicz2010,
  title={Potop},
  author={Sienkiewicz, Henryk},
  isbn={9788328828292},
  url={https://wolnelektury.pl/media/book/txt/potop-tom-pierwszy.txt},
  year={2010},
  publisher={Fundacja Nowoczesna Polska}
}
